<?xml version="1.0" encoding="UTF-8"?><record xmlns="http://www.loc.gov/MARC21/slim" xmlns:cinclude="http://apache.org/cocoon/include/1.0" xmlns:zs="http://www.loc.gov/zing/srw/">
  <leader>00461nz  a2200121n  4500</leader>
  <controlfield tag="001">n  80059572 </controlfield>
  <controlfield tag="003">DLC</controlfield>
  <controlfield tag="005">19840322000000.0</controlfield>
  <controlfield tag="008">800703n| acannaab|          |n aaa |||  </controlfield>
  <datafield tag="010" ind1=" " ind2=" ">
    <subfield code="a">n  80059572 </subfield>
  </datafield>
  <datafield tag="040" ind1=" " ind2=" ">
    <subfield code="a">DLC</subfield>
    <subfield code="c">DLC</subfield>
  </datafield>
  <datafield tag="100" ind1="1" ind2="0">
    <subfield code="a">Gotsman, Mervyn S.,</subfield>
    <subfield code="d">1935-</subfield>
  </datafield>
  <datafield tag="670" ind1=" " ind2=" ">
    <subfield code="a">Rheumatic valvular disease in children, 1980 (a.e.)</subfield>
    <subfield code="b">t.p. (Mervyn S. Gotsman) CIP galley (M.D.; prof. of med., Dept. of Cardiology, Hadassah Med. Sch., Jerusalem, Israel) CIP data sheet (b. 8/29/35)</subfield>
  </datafield>
</record>